<record xmlns="http://www.loc.gov/MARC21/slim" xmlns:xsi="http://www.w3.org/2001/XMLSchema-instance" xsi:schemaLocation="http://www.loc.gov/MARC21/slim http://www.loc.gov/standards/marcxml/schema/MARC21slim.xsd"><leader>00754cz   2200145n  4500</leader><controlfield tag="001">oca02922302 </controlfield><controlfield tag="005">19910402125403.4</controlfield><controlfield tag="008">910402n| acannaab|          |a aaa |||  </controlfield><datafield ind1=" " ind2=" " tag="010"><subfield code="a">n  91032219 </subfield></datafield><datafield ind1=" " ind2=" " tag="040"><subfield code="a">DLC</subfield><subfield code="c">DLC</subfield><subfield code="d">DLC</subfield></datafield><datafield ind1="0" ind2=" " tag="100"><subfield code="a">Timon,</subfield><subfield code="c">of Phlius,</subfield><subfield code="d">ca. 320-ca. 230 B.C.</subfield></datafield><datafield ind1="0" ind2=" " tag="400"><subfield code="a">Timone,</subfield><subfield code="c">di Fliunte,</subfield><subfield code="d">ca. 320-230 B.C.</subfield></datafield><datafield ind1=" " ind2=" " tag="670"><subfield code="a">His Silli, c1989:</subfield><subfield code="b">t.p. (Timone di Fliunte) p. 1 (poet, skeptic philosopher; b. in Fliunte, Argolide) p. 4 (dates of birth and death uncertain, ca. 325-235 B.C. or ca. 320-230 B.C.)</subfield></datafield><datafield ind1=" " ind2=" " tag="670"><subfield code="a">Oxford class. dict.</subfield><subfield code="b">(Timon, of Phlius; ca. 320-230 B.C.; skeptic philosoper; d. in Athens)</subfield></datafield><datafield ind1=" " ind2=" " tag="670"><subfield code="a">New ency. Brit.</subfield><subfield code="b">(Timon of Phlius; b. ca. 320 B.C., northern Peloponnese, Greece; d. ca. 230 B.C., Athens; skeptic philosopher)</subfield></datafield></record>